<?xml version="1.0" encoding="UTF-8"?><collection xmlns="http://www.loc.gov/MARC21/slim"><record><leader>00386nam--2200133-i-4500</leader><controlfield tag="001">000013849</controlfield><controlfield tag="002">20161230</controlfield><controlfield tag="005">20161230201030</controlfield><controlfield tag="008">060222s1000------------r-----000-0-eng-d</controlfield><datafield ind1=" " ind2=" " tag="100"><subfield code="a">Butler, W.Si Muto, Kiyoshi</subfield></datafield><datafield ind1=" " ind2=" " tag="245"><subfield code="a">Analiza seismica a cladirilor din beton armat. editie revizuita (1965)</subfield></datafield><datafield ind1=" " ind2=" " tag="260"><subfield code="a">Tokio, Shokoku-sha Publishing Co., 1965</subfield></datafield><datafield ind1=" " ind2=" " tag="490"><subfield code="a">155 P</subfield></datafield><datafield ind1=" " ind2=" " tag="852"><subfield code="a">550.34:699.8</subfield></datafield></record></collection>